@article{aardal2007,
	title={Models and solution techniques for frequency assignment problems},
	author={Aardal, Karen I and Van Hoesel, Stan PM and Koster, Arie MCA and Mannino, Carlo and Sassano, Antonio},
	journal={Annals of Operations Research},
	volume={153},
	number={1},
	pages={79--129},
	year={2007},
	publisher={Springer}
}

@article{alvim2004,
	title={A hybrid improvement heuristic for the one-dimensional bin packing problem},
	author={Alvim, Adriana CF and Ribeiro, Celso C and Glover, Fred and Aloise, Dario J},
	journal={Journal of Heuristics},
	volume={10},
	number={2},
	pages={205--229},
	year={2004},
	publisher={Springer}
}

@phdthesis{becker2010,
	title={{Twin-Constrained Hamiltonian Paths on Threshold Graphs -- An Approach to the Minimum Score Separation Problem}},
	author={Becker, Kai Helge},
	school={{London School of Economics}},
	type={{PhD Thesis}},
	year={2010}
}

@article{becker2015,
	title={{A Heuristic for the Minimum Score Separation Problem, a Combinatorial Problem Associated with the Cutting Stock Problem}},
	author={Becker, Kai Helge and Appa, Gautam},
	journal={{Journal of the Operational Research Society}},
	volume={66},
	number={8},
	pages={1297--1311},
	year={2015},
	publisher={Palgrave Macmillan UK}
}

@article{blum2016,
	title={{Construct, Merge, Solve \& Adapt A new general algorithm for combinatorial optimization}},
	author={Blum, Christian and Pinacho, Pedro and L{\'o}pez-Ib{\'a}{\~n}ez, Manuel and Lozano, Jos{\'e} A},
	journal={Computers \& Operations Research},
	volume={68},
	pages={75--88},
	year={2016},
	publisher={Elsevier}
}

@article{carter1996,
	title={Examination timetabling: Algorithmic strategies and applications},
	author={Carter, Michael W and Laporte, Gilbert and Lee, Sau Yan},
	journal={Journal of the Operational Research Society},
	volume={47},
	number={3},
	pages={373--383},
	year={1996},
	publisher={Springer}
}

@article{chan1998,
	title={Worst-case analyses, linear programming and the bin-packing problem},
	author={Chan, Lap Mui Ann and Simchi-Levi, David and Bramel, Julien},
	journal={Mathematical Programming},
	volume={83},
	number={1-3},
	pages={213--227},
	year={1998},
	publisher={Springer}
}

@article{coffman1978,
	title={{An Application of Bin-Packing to Multiprocessor Scheduling}},
	author={Coffman, Edward G and Garey, Michael R and Johnson, David S},
	journal={{SIAM Journal on Computing}},
	volume={7},
	number={1},
	pages={1--17},
	year={1978},
	publisher={SIAM}
}

@incollection{coffman1984,
	title={{Approximation Algorithms for Bin-Packing -- An Updated Survey}},
	author={Coffman, Edward G and Garey, Michael R and Johnson, David S},
	booktitle={{Algorithm Design for Computer System Design}},
	pages={49--106},
	year={1984},
	publisher={Springer}
}

@article{coffman1987,
	title={Bin packing with divisible item sizes},
	author={Coffman Jr, Edward G and Garey, Michael R and Johnson, David S},
	journal={Journal of Complexity},
	volume={3},
	number={4},
	pages={406--428},
	year={1987},
	publisher={Elsevier}
}

@article{decarvalho1999,
	title={Exact solution of bin-packing problems using column generation and branch-and-bound},
	author={De Carvalho, JM Val{\'e}rio},
	journal={Annals of Operations Research},
	volume={86},
	pages={629--659},
	year={1999},
	publisher={Springer}
}

@inproceedings{dosa2007,
	title={The tight bound of first fit decreasing bin-packing algorithm is {$FFD (I) \leq 11/9 OPT (I)+ 6/9$}},
	author={D{\'o}sa, Gy{\"o}rgy},
	booktitle={International Symposium on Combinatorics, Algorithms, Probabilistic and Experimental Methodologies},
	pages={1--11},
	year={2007},
	organization={Springer}
}

@article{edmonds1965,
	title={Paths, trees, and flowers},
	author={Edmonds, Jack},
	journal={Canadian Journal of Mathematics},
	volume={17},
	pages={449--467},
	year={1965},
	publisher={Cambridge University Press}
}

@article{eilon1971,
	title={{The Loading Problem}},
	author={Eilon, Samuel and Christofides, Nicos},
	journal={{Management Science}},
	volume={17},
	number={5},
	pages={259--268},
	year={1971},
	publisher={INFORMS}
}

@inproceedings{falkenauer1992,
	title={A genetic algorithm for bin packing and line balancing},
	author={Falkenauer, Emanuel and Delchambre, Alain},
	booktitle={International Conference on Robotics and Automation},
	pages={1186--1192},
	year={1992},
	organization={IEEE}
}

@article{falkenauer1993,
	title={{The grouping genetic algorithms: widening the scope of the GA's}},
	author={Falkenauer, Emanuel},
	journal={JORBEL-Belgian Journal of Operations Research, Statistics, and Computer Science},
	volume={33},
	number={1-2},
	pages={79--102},
	year={1993}
}

@article{falkenauer1996,
	title={A hybrid grouping genetic algorithm for bin packing},
	author={Falkenauer, Emanuel},
	journal={Journal of Heuristics},
	volume={2},
	number={1},
	pages={5--30},
	year={1996},
	publisher={Kluwer Academic Publishers}
}

@book{falkenauer1998,
	title={Genetic algorithms and grouping problems},
	author={Falkenauer, Emanuel},
	year={1998},
	publisher={John Wiley \& Sons, Inc.}
}

@article{fleszar2002,
	title={New heuristics for one-dimensional bin-packing},
	author={Fleszar, Krzysztof and Hindi, Khalil S},
	journal={Computers \& Operations research},
	volume={29},
	number={7},
	pages={821--839},
	year={2002},
	publisher={Elsevier}
}

@article{galinier1999,
	title={Hybrid evolutionary algorithms for graph coloring},
	author={Galinier, Philippe and Hao, Jin-Kao},
	journal={Journal of Combinatorial Optimization},
	volume={3},
	number={4},
	pages={379--397},
	year={1999},
	publisher={Springer}
}

@inproceedings{garey1972,
	title={Worst-case analysis of memory allocation algorithms},
	author={Garey, Michael R and Graham, Ronald L and Ullman, Jeffrey D},
	booktitle={Proceedings of the fourth annual ACM symposium on Theory of computing},
	pages={143--150},
	year={1972},
	organization={ACM}
}

@book{garey1979,
  title={{Computers and Intractability: A Guide to the Theory of NP-Completeness}},
  author={Garey, Michael R and Johnson, David S},
  year={1979},
  publisher={WH Freeman Co., San Francisco},
}

@article{garraffa2016,
	title={The one-dimensional cutting stock problem with sequence-dependent cut losses},
	author={Garraffa, Michele and Salassa, Fabio and Vancroonenburg, Wim and Vanden Berghe, Greet and Wauters, Tony},
	journal={International Transactions in Operational Research},
	volume={23},
	number={1-2},
	pages={5--24},
	year={2016},
	publisher={Wiley Online Library}
}

@article{gilmore1961,
	title={A linear programming approach to the cutting-stock problem},
	author={Gilmore, Paul C and Gomory, Ralph E},
	journal={Operations research},
	volume={9},
	number={6},
	pages={849--859},
	year={1961},
	publisher={INFORMS}
}

@article{gilmore1963,
	title={A linear programming approach to the cutting stock problemâ€”Part II},
	author={Gilmore, Paul C and Gomory, Ralph E},
	journal={Operations research},
	volume={11},
	number={6},
	pages={863--888},
	year={1963},
	publisher={INFORMS}
}

@article{goulimis2004,
	title={{Minimum Score Separation - an open combinatorial problem associated with the cutting stock problem}},
	author={Goulimis, C},
	journal={{Journal of the Operational Research Society}},
	volume={55},
	number={12},
	pages={1367--1368},
	year={2004}
}

@article{gupta1999,
	title={A new heuristic algorithm for the one-dimensional bin-packing problem},
	author={Gupta, Jatinder ND and Ho, Johnny C},
	journal={Production planning \& control},
	volume={10},
	number={6},
	pages={598--603},
	year={1999},
	publisher={Taylor \& Francis}
}

@book{haggkvist1977,
	title={On F-Hamiltonian graphs},
	author={H{\"a}ggkvist, Roland},
	year={1977},
	publisher={University of Ume{\aa}, Department of Mathematics}
}

@article{haouari2009,
	title={Heuristics for the variable sized bin-packing problem},
	author={Haouari, Mohamed and Serairi, Mehdi},
	journal={Computers \& Operations Research},
	volume={36},
	number={10},
	pages={2877--2884},
	year={2009},
	publisher={Elsevier}
}

@inproceedings{hawa2018,
	title={{Heuristics for the Score-Constrained Strip-Packing Problem}},
	author={Hawa, Asyl L and Lewis, Rhyd and Thompson, Jonathan M},
	booktitle={International Conference on Combinatorial Optimization and Applications},
	pages={449--462},
	year={2018},
	organization={Springer}
}

@misc{hawa2019inst,
	title={{Problem instance generator for the Score-Constrained Packing Problem}},
	author={Hawa, Asyl L},
	month=mar,
	year=2019,
	doi={10.5281/zenodo.2599621},
	url={https://doi.org/10.5281/zenodo.2599621}
}

@misc{hawa2019ea,
	title={{Evolutionary Algorithm (EA) source code and results for the article ``Exact and Approximate Methods for the Score-Constrained Packing Problem''}},
	author={Hawa, Asyl L},
	month=aug,
	year=2019,
	doi={10.5281/zenodo.3374418},
	url={https://doi.org/10.5281/zenodo.3374418}
}

@misc{hawa2019cmsa,
	title={{CMSA algorithm source code and results for the article ``Exact and Approximate Methods for the Score-Constrained Packing Problem''}},
	author={Hawa, Asyl L},
	month=aug,
	year=2019,
	doi={10.5281/zenodo.3374437},
	url={https://doi.org/10.5281/zenodo.3374437}
}

@phdthesis{hawa2020t,
	title={{Exact and Evolutionary Algorithms for the Score-Constrained Packing Problem}},
	author={Hawa, Asyl Liyakat},
	school={{Cardiff University}},
	type={{PhD Thesis}},
	year={2020}
}

@article{hung1978,
	title={An algorithm for a class of loading problems},
	author={Hung, Ming S and Brown, J Randall},
	journal={Naval Research Logistics (NRL)},
	volume={25},
	number={2},
	pages={289--297},
	year={1978},
	publisher={Wiley Online Library}
}

@phdthesis{johnson1973,
	title={Near-optimal bin packing algorithms},
	author={Johnson, David S},
	year={1973},
	school={Massachusetts Institute of Technology}
}

@article{johnson1974f,
	title={Fast algorithms for bin packing},
	author={Johnson, David S},
	journal={Journal of Computer and System Sciences},
	volume={8},
	number={3},
	pages={272--314},
	year={1974},
	publisher={Elsevier}
}

@article{johnson1974w,
	title={{Worst-Case Performance Bounds for Simple One-Dimensional Packing Algorithms}},
	author={Johnson, David S. and Demers, Alan and Ullman, Jeffrey D. and Garey, Michael R and Graham, Ronald L.},
	journal={{SIAM Journal on Computing}},
	volume={3},
	number={4},
	pages={299--325},
	year={1974},
	publisher={SIAM}
}

@incollection{karp1972,
	title={{Reducibility Among Combinatorial Problems}},
	author={Karp, Richard M},
	booktitle={{Complexity of Computer Computations}},
	pages={85--103},
	year={1972},
	publisher={Springer}
}

@article{kenmochi2009,
	title={Exact algorithms for the two-dimensional strip packing problem with and without rotations},
	author={Kenmochi, Mitsutoshi and Imamichi, Takashi and Nonobe, Koji and Yagiura, Mutsunori and Nagamochi, Hiroshi},
	journal={European Journal of Operational Research},
	volume={198},
	number={1},
	pages={73--83},
	year={2009},
	publisher={Elsevier}
}

@misc{knuth2000,
	title={Dancing links},
	author={Knuth, Donald E},
	year={2000},
	eprint={cs/0011047},
	archivePrefix={arXiv},
	primaryClass={cs.DS}
}


@inproceedings{korf2002,
	title={{A New Algorithm for Optimal Bin Packing}},
	author={Korf, Richard E},
	booktitle={AAAI/IAAI},
	pages={731--736},
	year={2002}
}

@article{levine2004,
	title={Ant colony optimization and local search for bin packing and cutting stock problems},
	author={Levine, John and Ducatelle, Frederick},
	journal={Journal of the Operational Research Society},
	volume={55},
	number={7},
	pages={705--716},
	year={2004},
	publisher={Taylor \& Francis}
}

@article{lewis2009,
	title={A general-purpose hill-climbing method for order independent minimum grouping problems: A case study in graph colouring and bin packing},
	author={Lewis, Rhyd},
	journal={{Computers \& Operations Research}},
	volume={36},
	number={7},
	pages={2295--2310},
	year={2009},
	publisher={Elsevier}
}

@article{lewis2011,
	title={An investigation into two bin packing problems with ordering and orientation implications},
	author={Lewis, Rhyd and Song, Xiang and Dowsland, K and Thompson, J},
	journal={European Journal of Operational Research},
	volume={213},
	number={1},
	pages={52--65},
	year={2011},
	publisher={Elsevier}
}

@article{lewis2012,
	title={A wide-ranging computational comparison of high-performance graph colouring algorithms},
	author={Lewis, Rhyd and Thompson, J and Mumford, C and Gillard, J},
	journal={Computers \& Operations Research},
	volume={39},
	number={9},
	pages={1933--1950},
	year={2012},
	publisher={Elsevier}
}

@book{lewis2015,
	title={A guide to graph colouring},
	author={Lewis, Rhyd},
	year={2015},
	publisher={Springer}
}

@article{lewis2017,
  title={{How to Pack Trapezoids: Exact and Evolutionary Algorithms}},
  author={Lewis, Rhyd and Holborn, Penny},
  journal={{IEEE Transactions on Evolutionary Computation}},
  volume={21},
  number={3},
  pages={463--476},
  year={2017},
  publisher={IEEE}
}

@article{mahadev1994,
	title={Longest cycles in threshold graphs},
	author={Mahadev, Nadimpalli VR and Peled, Uri N},
	journal={Discrete Mathematics},
	volume={135},
	number={1-3},
	pages={169--176},
	year={1994},
	publisher={Elsevier}
}

@book{mahadev1995,
  title={{Threshold Graphs and Related Topics, Annals of Discrete Mathematics}},
  author={Mahadev, Nadimpalli V R and Peled, Uri N},
  volume={56},
  year={1995},
  publisher={Elsevier}
}

@article{malaguti2008,
	title={A metaheuristic approach for the vertex coloring problem},
	author={Malaguti, Enrico and Monaci, Michele and Toth, Paolo},
	journal={INFORMS Journal on Computing},
	volume={20},
	number={2},
	pages={302--316},
	year={2008},
	publisher={INFORMS}
}

@article{martello1990k,
  title={{Knapsack Problems}},
  author={Martello, Silvano and Toth, Paolo},
  journal={{Algorithms and Computer Implementation}},
  year={1990},
  publisher={Wiley}
}

@article{martello1990l,
  title={Lower bounds and reduction procedures for the bin packing problem},
  author={Martello, Silvano and Toth, Paolo},
  journal={Discrete Applied Mathematics},
  volume={28},
  number={1},
  pages={59--70},
  year={1990},
  publisher={Elsevier}
}

@article{quiroz2015,
	title={A grouping genetic algorithm with controlled gene transmission for the bin packing problem},
	author={Quiroz-Castellanos, Marcela and Cruz-Reyes, Laura and Torres-Jimenez, Jose and G{\'o}mez, Claudia and Huacuja, H{\'e}ctor J Fraire and Alvim, Adriana CF},
	journal={Computers \& Operations Research},
	volume={55},
	pages={52--64},
	year={2015},
	publisher={Elsevier}
}

@inproceedings{radcliffe1991,
	title={Forma Analysis and Random Respectful Recombination.},
	author={Radcliffe, Nicholas J and others},
	booktitle={ICGA},
	volume={91},
	pages={222--229},
	year={1991}
}

@inproceedings{rekiek1999,
	title={Applying the equal piles problem to balance assembly lines},
	author={Rekiek, Brahim and De Lit, Pierre and Pellichero, Fabrice and Falkenauer, Emanuel and Delchambre, Alain},
	booktitle={International Symposium on Assembly and Task Planning},
	pages={399--404},
	year={1999},
	organization={IEEE}
}

@article{thompson1998,
	title={A robust simulated annealing based examination timetabling system},
	author={Thompson, Jonathan M and Dowsland, Kathryn A},
	journal={Computers \& Operations Research},
	volume={25},
	number={7-8},
	pages={637--648},
	year={1998},
	publisher={Elsevier}
}

@article{wascher2007,
	title={An improved typology of cutting and packing problems},
	author={W{\"a}scher, Gerhard and Hau{\ss}ner, Heike and Schumann, Holger},
	journal={European Journal of Operational Research},
	volume={183},
	number={3},
	pages={1109--1130},
	year={2007},
	publisher={Elsevier}
}

@article{xavier2008,
	title={A one-dimensional bin packing problem with shelf divisions},
	author={Xavier, EC and Miyazawa, Fl{\'a}vio Keidi},
	journal={Discrete Applied Mathematics},
	volume={156},
	number={7},
	pages={1083--1096},
	year={2008},
	publisher={Elsevier}
}
