@article{mu2011,
	title={Disruption management of the vehicle routing problem with vehicle breakdown},
	author={Mu, Qianxin and Fu, Zhuo and Lysgaard, Jens and Eglese, Richard},
	journal={Journal of the Operational Research Society},
	volume={62},
	number={4},
	pages={742--749},
	year={2011},
	publisher={Taylor \& Francis}
}

@article{yuan2017,
  title={Disruption management for the real-time home caregiver scheduling and routing problem},
  author={Yuan, Biao and Jiang, Zhibin},
  journal={Sustainability},
  volume={9},
  number={12},
  pages={2178},
  year={2017},
  publisher={Multidisciplinary Digital Publishing Institute}
}